<record><leader>00000cas a2200000 a 4500</leader><controlfield tag="001">11340554</controlfield><controlfield tag="008">841102d18561872iluwr ne      0   a0eng c</controlfield><datafield ind1=" " ind2=" " tag="010"><subfield code="a">sn 84038567 </subfield></datafield><datafield ind1=" " ind2=" " tag="040"><subfield code="a">NPX</subfield><subfield code="b">eng</subfield><subfield code="c">NPX</subfield><subfield code="d">NPU</subfield><subfield code="d">NPV</subfield><subfield code="d">NVF</subfield><subfield code="d">CNK</subfield><subfield code="d">OCL</subfield><subfield code="d">NVF</subfield><subfield code="d">OCLCQ</subfield><subfield code="d">OCLCF</subfield><subfield code="d">NVF</subfield><subfield code="d">OCLCO</subfield></datafield><datafield ind1="1" ind2=" " tag="029"><subfield code="a">AU@</subfield><subfield code="b">000020232952</subfield></datafield><datafield ind1=" " ind2=" " tag="042"><subfield code="a">pcc</subfield></datafield><datafield ind1=" " ind2=" " tag="043"><subfield code="a">n-us-il</subfield></datafield><datafield ind1="0" ind2="4" tag="245"><subfield code="a">The Iroquois Republican.</subfield></datafield><datafield ind1="1" ind2="7" tag="246"><subfield code="a">Iroquois weekly Republican</subfield><subfield code="f">Dec. 9, 1858-&lt;Dec. 4, 1861&gt;</subfield></datafield><datafield ind1=" " ind2=" " tag="260"><subfield code="a">Middleport, Ill. :</subfield><subfield code="b">J.A. Graham &amp; D.T. Lindley,</subfield><subfield code="c">1856-1872.</subfield></datafield><datafield ind1=" " ind2=" " tag="300"><subfield code="a">v.</subfield></datafield><datafield ind1=" " ind2=" " tag="310"><subfield code="a">Weekly</subfield></datafield><datafield ind1="0" ind2=" " tag="362"><subfield code="a">Vol. 1, no. 1 (May 8, 1856)-v. 16, no. 31 (May 1, 1872).</subfield></datafield><datafield ind1=" " ind2=" " tag="500"><subfield code="a">Middleport was annexed into Watseka on Feb. 19, 1867.</subfield></datafield><datafield ind1=" " ind2="0" tag="651"><subfield code="a">Middleport (Ill.)</subfield><subfield code="v">Newspapers.</subfield></datafield><datafield ind1=" " ind2="0" tag="651"><subfield code="a">Iroquois County (Ill.)</subfield><subfield code="v">Newspapers.</subfield></datafield><datafield ind1=" " ind2="7" tag="655"><subfield code="a">Newspapers.</subfield><subfield code="2">fast</subfield><subfield code="0">(OCoLC)fst01423814</subfield></datafield><datafield ind1=" " ind2=" " tag="752"><subfield code="a">United States</subfield><subfield code="b">Illinois</subfield><subfield code="c">Iroquois</subfield><subfield code="d">Middleport.</subfield></datafield><datafield ind1=" " ind2=" " tag="752"><subfield code="a">United States</subfield><subfield code="b">Illinois</subfield><subfield code="c">Iroquois</subfield><subfield code="d">Watseka.</subfield></datafield><datafield ind1="0" ind2="0" tag="785"><subfield code="t">Watseka Republican</subfield><subfield code="w">(DLC)sn 85034267</subfield><subfield code="w">(OCoLC)12599512</subfield></datafield></record>